@book{carver2015systematic,
  title={Systematic Trading: A unique new method for designing trading and investing systems},
  author={Carver, R.},
  isbn={9780857195005},
  series={EBL-Schweitzer},
  year={2015},
  publisher={Harriman House}
}

@book{hamilton2020time,
  title={Time Series Analysis},
  author={Hamilton, J.D.},
  isbn={9780691218632},
  lccn={2021700965},
  year={2020},
  publisher={Princeton University Press}
}

@article{hedge_futures,
 ISSN = {00221082, 15406261},
 URL = {http://www.jstor.org/stable/2327150},
 author = {Louis H. Ederington},
 journal = {The Journal of Finance},
 number = {1},
 pages = {157--170},
 publisher = {[American Finance Association, Wiley]},
 title = {The Hedging Performance of the New Futures Markets},
 urldate = {2023-01-25},
 volume = {34},
 year = {1979}
}

@book{bilkon_ml,
publisher = {Springer International Publishing},
title = {Machine Learning in Finance From Theory to Practice },
author = {Dixon, Matthew F. and Halperin, Igor and Bilokon, Paul},
address = {Cham},
booktitle = {Machine Learning in Finance From Theory to Practice},
isbn = {9783030410681},
keywords = {Statistics },
language = {eng},
year = {2020},
}

@book{marcos,
lccn = {2018009027},
publisher = {John Wiley & Sons, Inc.},
title = {Advances in financial machine learning},
year = {2018},
author = {López de Prado, Marcos Mailoc},
address = {Hoboken, New Jersey},
isbn = {9781119482116},
keywords = {BUSINESS & ECONOMICS -- Investments & Securities},
language = {eng},
}



@book{lazzeri2020machine,
  title={Machine Learning for Time Series Forecasting with Python},
  author={Lazzeri, F.},
  isbn={9781119682363},
  url={https://books.google.co.uk/books?id=5YUIEAAAQBAJ},
  year={2020},
  publisher={Wiley}
}
@book{nielsen2019practical,
  title={Practical Time Series Analysis: Prediction with Statistics and Machine Learning},
  author={Nielsen, A.},
  isbn={9781492041627},
  url={https://books.google.co.uk/books?id=odCwDwAAQBAJ},
  year={2019},
  publisher={O'Reilly Media}
}

@book{kleinman2013,
publisher = {FT Press},
title = {Trading commodities and financial futures : a step by step guide to mastering the markets},
year = {2013},
author = {Kleinman, George},
address = {Place of publication not identified},
edition = {4th ed.},
isbn = {0-13-336748-7},
keywords = {Commodity futures},
language = {eng},
}

@article{alpha_hf,
author = {Vivek Bhargava and Mukesh K. Chaudhry},
title = {Trend reversal and alpha generation by hedge funds},
journal = {Applied Economics},
volume = {0},
number = {0},
pages = {1-23},
year  = {2022},
publisher = {Routledge},
doi = {10.1080/00036846.2022.2123104},
URL = { https://doi.org/10.1080/00036846.2022.2123104
},
eprint = { https://doi.org/10.1080/00036846.2022.2123104}
}


@article{svm-fts,
title = {Application of support vector machines in financial time series forecasting},
journal = {Omega},
volume = {29},
number = {4},
pages = {309-317},
year = {2001},
issn = {0305-0483},
doi = {https://doi.org/10.1016/S0305-0483(01)00026-3},
url = {https://www.sciencedirect.com/science/article/pii/S0305048301000263},
author = {Francis E.H Tay and Lijuan Cao},
keywords = {Support vector machines, Structural risk minimization principle, BP neural network, Generalization},
}

@book{ta_equity,
publisher = {Wiley Imprint},
series = {Wiley trading},
title = {Beyond Technical Analysis: How to Develop and Implement a Winning Trading System},
year = {2001},
author = {Chande, Tushar S},
address = {Place of publication not identified},
edition = {2nd ed.},
isbn = {0-471-21776-X},
keywords = {Technical analysis (Investment analysis)},
language = {eng},
}

@book{jhull2017,
publisher = {Pearson Education, Limited},
title = {Options, Futures, and Other Derivatives, EBook, Global Edition},
year = {2017},
author = {Hull, J},
address = {Harlow},
}

@Article{stotz_equity_curve,
AUTHOR = {Stotz, Olaf},
TITLE = {The Equity Curve and Its Relation to Future Stock Returns},
JOURNAL = {Journal of Risk and Financial Management},
VOLUME = {13},
YEAR = {2020},
NUMBER = {2},
ARTICLE-NUMBER = {19},
URL = {https://www.mdpi.com/1911-8074/13/2/19},
DOI = {10.3390/jrfm13020019}
}

@online{alpha_ch,
  author = {Berlinda Liu, Andrew Cairns},
  title = {Fleeting Alpha: The Challenge
of Consistent Outperformance},
  year = 2020,
  url = {https://www.spglobal.com/spdji/en/documents/research/research-fleeting-alpha-the-challenge-of-consistent-outperformance.pdf},
  urldate = {2023-01-22}
}

@article{vol_target,
author = {Harvey, Campbell R. and Hoyle, Edward and Korgaonkar, Russell and Rattray, Sandy and Sargaison, Matthew and van Hemert, Otto},
title = {The Impact of Volatility Targeting},
year = 2018,
url = {https://ssrn.com/abstract=3175538},
doi = {http://dx.doi.org/10.2139/ssrn.3175538},
}

@article{moreira_muir,
author = {Moreira, Alan and Muir, Tyler},
title = {Volatility-Managed Portfolios},
year = 2016,
url = {https://ssrn.com/abstract=2659431},
doi = {http://dx.doi.org/10.2139/ssrn.2659431},
}

@InProceedings{backtesting_impl,
author="Ni, Jiarui
and Zhang, Chengqi",
editor="Pan, Yi
and Chen, Daoxu
and Guo, Minyi
and Cao, Jiannong
and Dongarra, Jack",
title="An Efficient Implementation of the Backtesting of Trading Strategies",
booktitle="Parallel and Distributed Processing and Applications",
year="2005",
publisher="Springer Berlin Heidelberg",
address="Berlin, Heidelberg",
pages="126--131",
isbn="978-3-540-32100-2"
}

@inproceedings{dietterich2000ensemble,
  title={Ensemble methods in machine learning},
  author={Dietterich, Thomas G},
  booktitle={International workshop on multiple classifier systems},
  pages={1--15},
  year={2000},
  organization={Springer}
}

@article{max_drawdown,
author = {Timothy Riley and Qing Yan},
title = {Maximum Drawdown as Predictor of Mutual Fund Performance and Flows},
journal = {Financial Analysts Journal},
volume = {78},
number = {4},
pages = {59-76},
year  = {2022},
publisher = {Routledge},
doi = {10.1080/0015198X.2022.2100232},
URL = {https://doi.org/10.1080/0015198X.2022.2100232
},
eprint = { https://doi.org/10.1080/0015198X.2022.2100232
}
}

@inproceedings{acml2014,
 author = {Mariana Oliveira and Luís Torgo},
 booktitle = {Proceedings of the 6th Asian Conference on Machine Learning, ACML},
 editor = {Dinh Phung and Hang Li},
 pages = {360--370},
 pdf = {http://proceedings.mlr.press/v39/oliveira14.pdf},
 series = {Proceedings of Machine Learning Research},
 title = {Ensembles for Time Series Forecasting},
 volume = {39},
 year = {2015}
}



@article{dietterich1994solving,
  title={Solving multiclass learning problems via error-correcting output codes},
  author={Dietterich, Thomas G and Bakiri, Ghulum},
  journal={Journal of artificial intelligence research},
  volume={2},
  pages={263--286},
  year={1994}
}


@article{PETRONI20083942,
title = {Effectiveness of measures of performance during speculative bubbles},
journal = {Physica A: Statistical Mechanics and its Applications},
volume = {387},
number = {15},
pages = {3942-3948},
year = {2008},
note = {Applications of Physics in Financial Analysis},
issn = {0378-4371},
doi = {https://doi.org/10.1016/j.physa.2008.02.070},
url = {https://www.sciencedirect.com/science/article/pii/S0378437108002604},
author = {Filippo Petroni and Giulia Rotundo},
}

@article{hochreiter1997long,
  title={Long short-term memory},
  author={Hochreiter, Sepp and Schmidhuber, J{\"u}rgen},
  journal={Neural computation},
  volume={9},
  number={8},
  pages={1735--1780},
  year={1997},
  publisher={MIT Press}
}
@article{bird2017time,
  title={Time-series and cross-sectional momentum strategies under alternative implementation strategies},
  author={Bird, Ron and Gao, Xiaojun and Yeung, Danny},
  journal={Australian Journal of Management},
  volume={42},
  number={2},
  pages={230--251},
  year={2017},
  publisher={SAGE Publications Sage UK: London, England}
}

@article{moskowitz2012time,
  title={Time series momentum},
  author={Moskowitz, Tobias J and Ooi, Yao Hua and Pedersen, Lasse Heje},
  journal={Journal of financial economics},
  volume={104},
  number={2},
  pages={228--250},
  year={2012},
  publisher={Elsevier}
}

@article{hoerl1970ridge,
  title={Ridge regression: Biased estimation for nonorthogonal problems},
  author={Hoerl, Arthur E and Kennard, Robert W},
  journal={Technometrics},
  volume={12},
  number={1},
  pages={55--67},
  year={1970},
  publisher={Taylor \& Francis}
}


@article{tibshirani1996regression,
  title={Regression shrinkage and selection via the lasso},
  author={Tibshirani, Robert},
  journal={Journal of the Royal Statistical Society: Series B (Methodological)},
  volume={58},
  number={1},
  pages={267--288},
  year={1996},
  publisher={Wiley Online Library}
}

@inproceedings{10.1145/3447548.3467401,
author = {Zerveas, George and Jayaraman, Srideepika and Patel, Dhaval and Bhamidipaty, Anuradha and Eickhoff, Carsten},
title = {A Transformer-Based Framework for Multivariate Time Series Representation Learning},
year = {2021},
isbn = {9781450383325},
publisher = {Association for Computing Machinery},
address = {New York, NY, USA},
url = {https://doi.org/10.1145/3447548.3467401},
doi = {10.1145/3447548.3467401},
booktitle = {Proceedings of the 27th ACM SIGKDD Conference on Knowledge Discovery \& Data Mining},
pages = {2114–2124},
numpages = {11},
keywords = {regression, classification, imputation, transformer, multivariate time series, self-supervised learning, deep learning, unsupervised learning, framework},
location = {Virtual Event, Singapore},
series = {KDD '21}
}

@Misc{tsai,
    author =       {Ignacio Oguiza},
    title =        {tsai - A state-of-the-art deep learning library for time series and sequential data},
    howpublished = {Github},
    year =         {2022},
    url =          {https://github.com/timeseriesAI/tsai}
}



@article{frank2001time,
  title={Time series prediction and neural networks},
  author={Frank, Ray J and Davey, Neil and Hunt, Stephen P},
  journal={Journal of intelligent and robotic systems},
  volume={31},
  number={1},
  pages={91--103},
  year={2001},
  publisher={Springer}
}


@article{bailey2014deflated,
  title={The deflated Sharpe ratio: correcting for selection bias, backtest overfitting, and non-normality},
  author={Bailey, David H and De Prado, Marcos Lopez},
  journal={The Journal of Portfolio Management},
  volume={40},
  number={5},
  pages={94--107},
  year={2014},
  publisher={Institutional Investor Journals Umbrella}
}

@article{daniel2009look,
  title={Look-ahead benchmark bias in portfolio performance evaluation},
  author={Daniel, Gilles and Sornette, Didier and Woehrmann, Peter},
  journal={The Journal of Portfolio Management},
  volume={36},
  number={1},
  pages={121--130},
  year={2009},
  publisher={Institutional Investor Journals Umbrella}
}

@article{sharpe_ratio,
    title={The Sharpe Ratio},
    author={William F. Sharpe},
    journal={The Journal of Portfolio Management},
    year={1994},}

@book{bootstrap,
    title={An Introduction to the Bootstrap},
    author={Efron, Bradley and Tibshirani, Robert},
    publisher={Chapman \& Hall},
    year={1998},
}

@inproceedings{mei2014random,
  title={A random forest method for real-time price forecasting in New York electricity market},
  author={Mei, Jie and He, Dawei and Harley, Ronald and Habetler, Thomas and Qu, Guannan},
  booktitle={2014 IEEE PES General Meeting| Conference \& Exposition},
  pages={1--5},
  year={2014},
  organization={IEEE}
}
